@book{book1,
author = {BigOnOff},
title = {Part1,Part2 et Part5},
year = {https://www.abcelectronique.com/bigonoff/},
}
@book{book2,
author = {Microchip Technology Inc.},
title = {18F4550 Datasheet, XC8 user's guide}
}



